@article{fu2023strategy,
  author = {傅志寰 and 翁孟勇 and 张晓璇 and 等},
  title = {我国智慧公路发展战略研究},
  journal = {中国工程科学},
  year = {2023},
  volume = {25},
  number = {06},
  pages = {150-159}
}

@article{zhang2025real,
  author = {张小宁 and 吴西强 and 黄鑫炎},
  title = {基于数字孪生的隧道火灾实时量化、预测与风险评估技术},
  journal = {消防科学与技术},
  year = {2025},
  volume = {44},
  number = {02},
  pages = {163-167+174},
  doi = {10.20168/j.1009-0029.2025.02.0163.05}
}

@thesis{yang2024design,
  author = {杨坤},
  title = {基于 WebGL 边坡安全监测可视化平台的设计与实现},
  school = {西南科技大学},
  year = {2024},
  doi = {10.27415/d.cnki.gxngc.2024.001290},
  type = {硕士学位论文} % 如果是博士论文，可改为 type = {博士学位论文}，这里默认硕士论文，可根据实际情况修改
}

@article{li2024exploration,
  author = {李光明},
  title = {黄河大桥恶劣天气监测预警系统探究},
  journal = {中国交通信息化},
  year = {2024},
  number = {04},
  pages = {129-133},
  doi = {10.13439/j.cnki.itsc.2024.04.021}
}